
@misc{paris16,
	title = {The {Paris} {Agreement}},
	url = {https://unfccc.int/process-and-meetings/the-paris-agreement},
	abstract = {The Paris Agreement was adopted on 12 December 2015 at the twenty-first session of the Conference of the Parties to the United Nations Framework Convention on Climate Change held in Paris from 30 November to 13 December 2015. In accordance with its article 20, the Agreement shall be open for signature at the United Nations Headquarters in New York from 22 April 2016 until 21 April 2017 by States and regional economic integration organizations that are Parties to the United Nations Framework Convention on Climate Change.},
	month = mar,
	year = {2016},
	file = {english_paris_agreement.pdf:/home/jindra/Zotero/storage/M8QZD2ZV/english_paris_agreement.pdf:application/pdf},
}



@misc{green_deal19,
	title = {Communication from the {Commission} to the {European} {Parliament}, the {European} {Council}, the {Council}, the {European} {Economic} and {Social} {Committee} and the {Committee} of the {Regions} {The} {European} {Green} {Deal}},
	url = {https://eur-lex.europa.eu/legal-content/EN/TXT/?qid=1588580774040&uri=CELEX%3A52019DC0640},
	language = {en},
	year = {2019},
	file = {2019 - COMMUNICATION FROM THE COMMISSION TO THE EUROPEAN .pdf:/home/jindra/Zotero/storage/BSFWQBR9/2019 - COMMUNICATION FROM THE COMMISSION TO THE EUROPEAN .pdf:application/pdf},
}

@misc{cwatch_dex,
	title = {Data {Explorer} {\textbar} {Climate} {Watch}},
	url = {https://www.climatewatchdata.org/data-explorer/historical-emissions?historical-emissions-data-sources=cait&historical-emissions-gases=co2&historical-emissions-regions=All%20Selected&historical-emissions-sectors=total-including-lucf%2Ctransportation&page=1&sort_col=country&sort_dir=ASC},
	abstract = {Climate Watch is an open online platform designed to empower users with the climate data, visualizations and resources they need to gather insights on national and global progress on climate change, sustainable development, and help advance the goals of the Paris Agreement.},
	keywords = {datasource},
}

@misc{proposal21,
	title = {Proposal for a {Regulation} of the {European} {Parliament} and of the {Council} {Amending} {Regulation} ({EU}) 2019/631 as {Regards} {Strengthening} {The} {CO2} {Emission} {Performance} {Standards} {For} {New} {Passenger} {Cars} {And} {New} {Light} {Commercial} {Vehicles} {In} {Line} {With} {The} {Union}'s {Increased} {Climate} {Ambition}},
	url = {https://eur-lex.europa.eu/legal-content/EN/TXT/?uri=CELEX:52021PC0556},
	language = {en},
	year = {2021},
	keywords = {eu, ice-phaseout},
	file = {2021 - Proposal for a REGULATION OF THE EUROPEAN PARLIAME.pdf:/home/jindra/Zotero/storage/K3FYGNBF/2021 - Proposal for a REGULATION OF THE EUROPEAN PARLIAME.pdf:application/pdf;amendment - annex I.pdf:/home/jindra/Zotero/storage/FD72LSZS/2021 - Proposal for a REGULATION OF THE EUROPEAN PARLIAME.pdf:application/pdf},
}

@article{slaba_houst22,
	title = {Ročenka dopravy {České Republiky} 2021},
	issn = {1801-3090},
	journal = {Ministerstvo dopravy ČR},
	author = {Slabá, Renáta and Houšť, Radek},
	year = {2022},
	keywords = {czechia, datasource},
	file = {SlabÃ¡ and HouÅ¡Å¥ - 2022 - RoÄenka dopravy ÄŒeskÃ© Republiky.pdf:/home/jindra/Zotero/storage/7ATSYUIN/SlabÃ¡ and HouÅ¡Å¥ - 2022 - RoÄenka dopravy ÄŒeskÃ© Republiky.pdf:application/pdf},
}

@misc{registr,
	title = {Registr silničních vozidel},
	url = {https://www.mdcr.cz/Statistiky/Silnicni-doprava/Centralni-registr-vozidel},
	language = {cz},
	journal = {Statistiky {\textbar} Silniční doprava  {\textbar}  Registr silničních vozidel},
	author = {Ministerstvo dopravy ČR},
	keywords = {czechia, datasource},
}
